@article{ORBSLAM2,
	title = "ORB-SLAM2: an Open-Source SLAM System for Monocular, Stereo and RGB-D Cameras",
	author = "Mur-Artal, Raul and Tardos, Juan",
	journal = {arXiv preprint arXiv:1610.06475v2},
	year = 2017
}

@article{daoud2018slamm,
	title = {SLAMM: Visual monocular SLAM with continuous mapping using multiple maps.},
	author = {Daoud, HA and Md, Sabri AQ and Loo, CK and Mansoor, AM},
	journal={PloS one},
	volume = {13},
	number = {4},
	pages = {e0195878},
	year = {2018}
}
