@article{redmon2016yolo9000,
	title = "YOLO9000: Better, Faster, Stronger",
	author = "Redmon, Joseph and Farhadi, Ali",
	journal = {arXiv preprint arXiv:1612.08242},
	year = 2016}
}
